@article{kristjansson2014,
  title={Common attentional constraints in visual foraging},
  author={Kristj{\'a}nsson, {\'A}rni and J{\'o}hannesson, {\'O}mar I and Thornton, Ian M},
  journal={PloS one},
  volume={9},
  number={6},
  pages={e100752},
  year={2014},
  publisher={Public Library of Science}
}

@article{johannesson2016,
  title={Visual foraging with fingers and eye gaze},
  author={J{\'o}hannesson, {\'O}mar I and Thornton, Ian M and Smith, Irene J and Chetverikov, Andrey and Kristj{\'a}nsson, Arni},
  journal={i-Perception},
  volume={7},
  number={2},
  pages={2041669516637279},
  year={2016},
  publisher={SAGE Publications Sage UK: London, England}
}


@article{irons-leber2016,
  title={Choosing attentional control settings in a dynamically changing environment},
  author={Irons, Jessica L and Leber, Andrew B},
  journal={Attention, Perception, \& Psychophysics},
  pages={1--18},
  year={2016},
  publisher={Springer}
}

@article{irons-leber2017,
  title={A trade-off between performance and effort in the choice of attentional control settings},
  author={Irons, Jessica and Leber, Andrew},
  journal={Journal of Vision},
  volume={17},
  number={10},
  pages={1293--1293},
  year={2017},
  publisher={The Association for Research in Vision and Ophthalmology}
}


@article{nowakowsak2017,
  title={Human visual search behaviour is far from ideal},
  author={Nowakowska, Anna and Clarke, Alasdair D F and Hunt, Amelia R},
  journal={Proceedings of the Royal Society B: Biological Sciences},
  pages={},
  year={2017},
  publisher={}
}

@article{brainard1997,
  title={The psychophysics toolbox},
  author={Brainard, David H},
  journal={Spatial vision},
  volume={10},
  pages={433--436},
  year={1997},
  publisher={VSP}
}
